<?xml version="1.0" encoding="UTF-8"?><record xmlns="http://www.loc.gov/MARC21/slim" xmlns:cinclude="http://apache.org/cocoon/include/1.0" xmlns:zs="http://www.loc.gov/zing/srw/">
  <leader>00361nz  a2200133n  4500</leader>
  <controlfield tag="001">no2002024662</controlfield>
  <controlfield tag="003">DLC</controlfield>
  <controlfield tag="005">20020326052620.0</controlfield>
  <controlfield tag="008">020325n| acannaabn          |n aaa     c</controlfield>
  <datafield tag="010" ind1=" " ind2=" ">
    <subfield code="a">no2002024662</subfield>
  </datafield>
  <datafield tag="035" ind1=" " ind2=" ">
    <subfield code="a">(OCoLC)oca05721641</subfield>
  </datafield>
  <datafield tag="040" ind1=" " ind2=" ">
    <subfield code="a">ODaU</subfield>
    <subfield code="b">eng</subfield>
    <subfield code="c">ODaU</subfield>
  </datafield>
  <datafield tag="100" ind1="1" ind2=" ">
    <subfield code="a">Hendricks, Kathleen</subfield>
  </datafield>
  <datafield tag="670" ind1=" " ind2=" ">
    <subfield code="a">Love beyond all telling, 2001:</subfield>
    <subfield code="b">t.p. verso (Kathleen Hendricks)</subfield>
  </datafield>
</record>